@misc{devroye:workshop,
 author = {Devroye, L. and Lugosi, G. and Morin, P.},
 month = {april},
 year = {2014},
 howpublished = {Ninth Annual Workshop on Probability, Combinatorics, and Geometry},
 address = {McGill University's Bellairs Research Institute},
 note = {unpublished},
}

@article{hoare:find,
 author = {Hoare, C. A. R.},
 title = {Algorithm 65: Find},
 journal = {Communications of the ACM},
 volume = {4},
 number = {7},
 month = jul,
 year = {1961},
 issn = {0001-0782},
 pages = {321--322},
 numpages = {2},
 url = {http://doi.acm.org/10.1145/366622.366647},
 doi = {10.1145/366622.366647},
 acmid = {366647},
 publisher = {ACM},
 address = {New York, NY, USA},
} 


@Article{     reed:height,
    author = {Reed, B.},
    title = {The Height of a Random Binary Search Tree},
    journal = {Journal of the ACM},
    volume = {50},
    number = {3},
    month = may,
    year = {2003},
    pages = {306--332},
    publisher = {ACM},
    address = {New York, NY, USA},
}

@PhDThesis{   barron:dissertation,
    author       = {Barron, A. R.}, 
    title        = {Logically Smooth Density Estimation},
    school       = {Stanford University},
    year         = 1985,
    month        = 9,
}

@Article{    erdos:randomgraphs,
    author = {Erd\H{o}s, P. and R\'{e}nyi, A.},
    journal = {Publicationes Mathematicae (Debrecen)},
    pages = {290--297},
    title = {On Random Graphs, {I}},
    volume = {6},
    year = {1959}
}

@Book{       grimmett:percolation,
    author = {Grimmett, G. R.},
    title = {Percolation},
    series = {321},
    publisher = {Springer-Verlag Berlin Heidelberg},
    year = {1999},
    edition = {2},
}

@Article{    beigel:elias,
    author = {Beigel, R.},
    title = {Unbounded Searching Algorithms},
    journal = {SIAM Journal on Computing},
    year = {1990},
    volume = {19},
    number = {3},
    pages = {522--537}
}

@Book{       west:graphtheory,
  author = {West, D. B.},
  title = {Introduction to Graph Theory},
  publisher = {Prentice Hall},
  edition = {2},
  year = {2001},
}

@Article{    robbins:stirling,
  author = {Robbins, H.},
  title = {A Remark on {S}tirling's Formula},
  journal = {The American Mathematical Monthly},
  pages = {26--29},
  month = {jan},
  year = {1955},
  volume = {62},
  number = {1},
}

@Book{       alon:probabilistic,
  author = {Alon, N. and Spencer, J. H.},
  title = {The Probabilistic Method},
  series = {Wiley Series in Discrete Mathematics and Optimization},
  publisher = {Wiley-Interscience},
  edition = {2},
  year = {2004},
}

@Article{    devroye:robin,
  author = {Devroye, L. and Morin, P. and Viola, A.},
  title = {On Worst-Case {R}obin {H}ood Hashing},
  journal = {SIAM Journal on Computing},
  volume = {33},
  number = {4},
  pages = {923--936},
  year = {2004},
}

@Article{      dietzfelbinger:perfecthashing, 
  author={Dietzfelbinger, M. and Karlin, A. and Mehlhorn, K. and Meyer auf der Heide, F. and Rohnert, H. and Tarjan, R. E.}, 
  journal={SIAM Journal on Computing},
  title={Dynamic Perfect Hashing: Upper and Lower Bounds},
  volume={23},
  number={4},
  year={1994}, 
  pages={738--761}, 
}

@Book{         romik:subsequence,
  author = {Romik, D.},
  title = {The Surprising Mathematics of Longest Increasing
                  Subsequences},
  publisher = {Cambridge University Press},
  year = {2015},
}

@Book {        rohatgi:probability,
  author = {Rohatgi, V. K. and Saleh, A. K. Md. E.},
  publisher = {Wiley-Interscience},
  series = {Wiley Series in Probability and Statistics},
  title = {An Introduction to Probability and Statistics},
  edition = {2},
  year = {2001},
}

@Article{       mcmillan:uniquedecipherability, 
  author = {McMillan, B.}, 
  journal = {IRE Transactions on Information Theory}, 
  title = {Two Inequalities Implied by Unique Decipherability}, 
  year = {1956}, 
  month = {December}, 
  volume = {2}, 
  number = {4}, 
  pages = {115--116}
}

@Book{          gallager:informationtheory,
  author = {Gallager, R. G.},
  title = {Information Theory and Reliable Communication},
  publisher = {Wiley-Interscience},
  year = {1968}
}

@Article{       moser:locallemma,
  author = {Moser, R. A. and Tardos, G.},
  title = {A Constructive Proof of the General {Lov\'{a}sz} Local Lemma},
  journal = {Journal of the ACM},
  volume = {57},
  number = {2},
  month = jan,
  year = {2010},
  pages = {11:1--11:15},
  publisher = {ACM},
  address = {New York, NY, USA},
} 

@Article{        buhrman:applications2,
  title = "New Applications of the Incompressibility Method: Part
                  {II}",
  journal = "Theoretical Computer Science",
  volume = "235",
  number = "1",
  pages = "59 -- 70",
  year = "2000",
  author = "H. Buhrman and T. Jiang and M. Li and P. Vit\'{a}nyi",
}

@Incollection{    buhrman:applications,
  year={1999},
  booktitle={Automata, Languages and Programming},
  volume={1644},
  series={Lecture Notes in Computer Science},
  editor={Wiedermann, J. and van Emde Boas, P. and Nielsen, M.},
  title={New Applications of the Incompressibility Method (Extended Abstract)},
  publisher={Springer-Verlag Berlin Heidelberg},
  author={Buhrman, H. and Jiang, T. and Li, M. and Vit\'{a}nyi, P.},
  pages={220--229},
}

@Incollection{    jiang.li.vitanyi:shellsort,
  year={2000},
  booktitle={SOFSEM 2000: Theory and Practice of Informatics},
  volume={1963},
  series={Lecture Notes in Computer Science},
  editor={Hlav\'{a}\v{c}, V. and Jeffery, K. G. and Wiedermann, J.},
  title={The Incompressibility Method},
  publisher={Springer-Verlag Berlin Heidelberg},
  author={Jiang, T. and Li, M. and Vit\'{a}nyi, P.},
  pages={36--53},
}

@Book{            thomas:elements,
  author        = {T. M. Cover and J. A. Thomas},
  title         = {Elements of Information Theory},
  series        = {Wiley Series in Telecommunications},
  publisher     = {Wiley-Interscience},
  year          = {1991},
}

@Article{         chaitin:intro,
  author        = {G. J. Chaitin},
  title         = {On the Length of Programs for Computing Finite Binary Sequences},
  journal       = {Journal of the ACM},
  volume        = {13},
  number        = {4},
  month         = oct,
  year          = {1966},
  pages         = {547--569},
  publisher     = {ACM},
  address       = {New York, NY, USA}
} 

@Article{         solomonoff:intro,
  author        = {R. J. Solomonoff},
  title         = {A Formal Theory of Inductive Inference. {Part I}},
  journal       = {Information and Control},
  volume        = {7},
  number        = {1},
  pages         = {1--22},
  year          = {1964}
}

@Article{         margulis:explicit,
  author        = {G. A. Margulis},
  title         = {Explicit Constructions of Concentrators},
  journal       = {Problems of Information Transmission},
  volume        = {9},
  number        = {4},
  pages         = {325--332},
  year          = {1973}
}

@Article{         kolmogorov:complexity,
  author        = {A. Kolmogorov},
  title         = {Three Approaches to the Quantitative Definition of Information},
  journal       = {Problems of Information Transmission},
  volume        = {1},
  number        = {1},
  pages         = {1--11},
  year          = {1965}
}

@Misc{            souza:notes,
  author        = {A. Souza},
  title         = {Lecture Notes in Randomized Algorithms \& Probabilistic Methods},
  month         = {April},
  year          = {2011},
  howpublished  = {\url{http://www2.informatik.hu-berlin.de/alcox/lehre/lvss11/rapm/probabilistic_method.pdf}},
  publisher     = {Humboldt University of Berlin},
  note         = {(last accessed July 29, 2015)},
}

@Misc{		  mulzer:encoding,
  author	= {W. Mulzer},
  title		= {Chernoff Bounds},
  series	= {Course Notes},
  howpublished	= {\url{http://page.mi.fu-berlin.de/mulzer/notes/misc/chernoff.pdf}}
		  ,
  note		= {(last accessed June 12, 2015)}
}

@Mastersthesis{   kraft:inequality,
  author        = {L. G. Kraft},
  title         = {A Device for Quantizing, Grouping, and Coding Amplitude-Modulated Pulses},
  school        = {Massachusetts Institute of Technology},
  year          = {1949},
  address       = {Cambridge, Massachusetts},
}

@Article{         elias:coding,
  author        = {P. Elias},
  title         = {Universal Codeword Sets and Representations of the Integers},
  journal       = {IEEE Transactions on Information Theory},
  year          = {1975},
  month         = {Mar},
  volume        = {21},
  number        = {2},
  pages         = {194--203},
}

@Book{            li.vitanyi:introduction,
  author        = {M. Li and P. Vit\'{a}nyi},
  title         = {An Introduction to {K}olmogorov Complexity and its Applications},
  edition       = {3},
  publisher     = {Springer-Verlag New York},
  year          = {2008},
}

@Article{         devroye:records,
  author        = {L. Devroye},
  title         = {Applications of the Theory of Records in the Study of Random Trees},
  journal       = {Acta Informatica},
  year          = {1988},
  volume        = {26},
  number        = {1},
  publisher     = {Springer-Verlag},
  pages         = {123--130},
}

@Article{         lucier.jiang.li:quicksort,
  author        = {B. Lucier and T. Jiang and M. Li},
  title         = {Average-Case Analysis of {Q}uicksort and Binary Insertion Tree Height using Incompressibility},
  journal       = {Information Processing Letters},
  volume        = {103},
  number        = {2},
  month         = {jul},
  year          = {2007},
  pages         = {45--51},
  publisher     = {Elsevier North-Holland, Inc.},
}

@Article{         vocking:witness,
  author        = {B. V\"{o}cking},
  title         = {How Asymmetry Helps Load Balancing},
  journal       = {Journal of the ACM},
  volume        = {50},
  number        = {4},
  month         = jul,
  year          = {2003},
  pages         = {568--589},
  publisher     = {ACM},
  address       = {New York, NY, USA},
}

@Article{         azar:multiplechoice,
  author        = {Y. Azar and A. Z. Broder and A. R. Karlin and E. Upfal},
  title         = {Balanced Allocations},
  journal       = {SIAM Journal on Computing},
  volume        = {29},
  number        = {1},
  month         = feb,
  year          = {2000},
  pages         = {180--200},
  publisher     = {Society for Industrial and Applied Mathematics Philadelphia, PA, USA},
}

@Article{         vershik.kerov:runs,
  author        = {A. M. Vershik and C. V. Kerov},
  title         = {Asymptotic Behaviour of the {Plancherel} Measure of the Symmetric Group and the Limit Form of {Young} Tableaux},
  journal       = {Soviet Mathematics Doklady},
  volume        = {18},
  year          = {1977},
  pages         = {527--531}
}

@Article{         logan.shepp:runs,
  author        = {B. F. Logan and L. A. Shepp},
  title         = {A Variational Problem for Random {Young} Tableaux},
  journal       = {Advances in Mathematics},
  volume        = {26},
  pages         = {206--222},
  year          = {1977},
}

%@Book{		  boucheron.lugosi.ea:concentration,
%  author	= {R. Boucheron and G. Lugosi and P. Massart},
%  title		= {Concentration inequalities: a nonasymptotic theory of
%		  independence},
%  publisher	= {Oxford University Press},
%  address	= {Oxford, United Kingdom},
%  year		= {2013}
%}

%@TechReport{	  computing-curricula:computer,
%  author	= {ACM/IEEE-CS Joint Task Force on Computing Curricula},
%  title		= {Computer Science Curricula 2013: Curriculum Guidelines for
%		  Undergraduate Degree Programs in Computer Science},
%  month		= {December},
%  year		= {2013},
%  institution	= {ACM Press and IEEE Computer Society Press},
%  url		= {https://www.acm.org/education/CS2013-final-report.pdf},
%  doi		= {10.1145/2534860}
%}

%@Book{		  dubhashi.panconesi:concentration,
%  author	= {D. P. Dubhashi and A. Panconesi},
%  title		= {Concentration of measure for the analysis of randomized
%		  algorithms},
%  publisher	= {Cambridge University Press},
%  address	= {New York, New York},
%  year		= {2009}
%}

%@Article{	  erdos:some,
%  author	= {P. Erd\H{o}s},
%  title		= {Some remarks on the theory of graphs},
%  journal	= {Bulletin of the American Mathematics Society},
%  volume	= 53,
%  pages		= {292--294},
%  year		= {1947}
%}

@TechReport{	  fano:transmission,
  author	= {R. M. Fano},
  title		= {The Transmission of Information},
  number	= {65},
  institution	= {Research Laboratory of Electronics at MIT},
  address	= {Cambridge, Massachusetts},
  year		= {1949}
}

@Article{	  hoory.linial.ea:expander,
  author	= {S. Hoory and N. Linial and A. Wigderson},
  title		= {Expander Graphs and Their Applications},
  journal	= {Bulletin of the American Mathematical Society},
  volume	= {43},
  number        = {4},
  month         = {oct},
  pages		= {439--561},
  year		= {2006}
}

@Incollection{	  mcdiarmid:on,
  author	= {C. McDiarmid},
  title		= {On the Method of Bounded Differences},
  booktitle	= {Surveys in Combinatorics: Invited Papers at the 12th British Combinatorial Conference},
  editor        = {J. Siemons},
  publisher     = {Cambridge University Press},
  number	= {141},
  pages		= {148--188},
  year		= {1989}
}

@Book{		  morin:open,
  author	= {P. Morin},
  title		= {Open Data Structures: An Introduction},
  publisher	= {Athabasca University Press},
  address	= {Edmonton},
  year		= {2013},
}

@Book{		  motwani.raghavan:randomized,
  author	= {R. Motwani and P. Raghavan},
  title		= {Randomized Algorithms},
  publisher	= {Cambridge University Press},
  address	= {New York, NY, USA},
  year		= 1995
}

@Article{	  pagh.rodler:cuckoo,
  author	= {R. Pagh and F. F. Rodler},
  title		= {Cuckoo Hashing},
  journal	= {Journal of Algorithms},
  volume	= {51},
  number	= {2},
  pages		= {122--144},
  year		= {2004}
}

@Misc{		  patrascu:cuckoo,
  author	= {M. P\u{a}tra\c{s}cu},
  title		= {Cuckoo Hashing},
  series	= {WebDiarios de Motocicleta},
  howpublished	= {\url{http://infoweekly.blogspot.ca/2010/02/cuckoo-hashing.html}}
		  ,
  note		= {(last accessed April 15, 2015)}
}

@InProceedings{	  pinsker:on,
  author	= {M. S. Pinsker},
  title		= {On the Complexity of a Concentrator},
  booktitle	= {The 7th International Teletraffic Conference},
  volume	= 4,
  pages		= {1--4},
  year		= {1973}
}

@Article{	  shannon:mathematical,
  author	= {C. E. Shannon},
  title		= {A Mathematical Theory of Communication},
  journal	= {Bell Systems Technical Journal},
  volume	= {27},
  pages		= {379--423},
  year		= {1948}
}

@InCollection{	  vitanyi:analysis,
  author	= {P. Vit\'anyi},
  title		= {Analysis of Sorting Algorithms by {K}olmogorov Complexity
		  (A Survey)},
  booktitle	= {Entropy, Search, Complexity},
  series	= {Bolyai Society Mathematical Studies},
  volume	= 16,
  pages		= {209--232},
  publisher	= {Springer-Verlag New York},
  year		= 2007
}
